<?xml version="1.0" encoding="UTF-8"?><record xmlns="http://www.loc.gov/MARC21/slim" xmlns:cinclude="http://apache.org/cocoon/include/1.0" xmlns:zs="http://www.loc.gov/zing/srw/">
  <leader>00452cz  a2200157n  4500</leader>
  <controlfield tag="001">nb2008015632</controlfield>
  <controlfield tag="003">DLC</controlfield>
  <controlfield tag="005">20090516075336.0</controlfield>
  <controlfield tag="008">080723n| acannaabn          |n aaa      </controlfield>
  <datafield tag="010" ind1=" " ind2=" ">
    <subfield code="a">nb2008015632</subfield>
  </datafield>
  <datafield tag="035" ind1=" " ind2=" ">
    <subfield code="a">(Uk)007179891</subfield>
  </datafield>
  <datafield tag="040" ind1=" " ind2=" ">
    <subfield code="a">Uk</subfield>
    <subfield code="b">eng</subfield>
    <subfield code="c">Uk</subfield>
    <subfield code="d">DLC</subfield>
  </datafield>
  <datafield tag="053" ind1=" " ind2="0">
    <subfield code="a">PG7213.I434</subfield>
  </datafield>
  <datafield tag="100" ind1="1" ind2=" ">
    <subfield code="a">Milej, Ireneusz</subfield>
  </datafield>
  <datafield tag="670" ind1=" " ind2=" ">
    <subfield code="a">Niebieskie oczy trzcin, 2007:</subfield>
    <subfield code="b">t.p. (Ireneusz Milej)</subfield>
  </datafield>
  <datafield tag="670" ind1=" " ind2=" ">
    <subfield code="a">Brama, 2009:</subfield>
    <subfield code="b">t.p. (Ireneusz Milej) cover p. 4 (b. June 28, 1956)</subfield>
  </datafield>
</record>